@preamble{ I am a preamble }

@string{Tw = "TeXworks"}

@comment{ This is a comment }

@article{ a1 ,
author = "John Doe and Smith, Jane",
title = {Some article with unicode characters ä€𝄞},
year = 1900
}
